 @Book{Itzykson,
   author =      "Claude Itzykson and Jean-Bernard Zuber",
   title =       "Quantum Field Theory", 
   publisher =   "McGraw-Hill",
   year =        1985,
   address =     "",
   edition =     "",
   isbn =        "0-07-032071-3"
 }
 
 @Book{Lurie,
   author =     "David Lurie",
  title =       "Particles and Fields",
  publisher =   "John Wiley \& Sons",
  year =        1968
  }
  
 @Book{Tung1985,
   author =      "Tung, W. K.",
   title =       "Group Theory in Physics",
   publisher =   "World Scientific",
   year =        1985,
   isbn =  	 ""
 }


 @Book{GreinerRQM,
   author =      "Walter Greiner",
   title =       "Relativistic Quantum Mechanics",
   publisher =   "Springer-Verlag",
   year =        1997,
   edition = 	 "2",
   isbn =        "3-540-61621-7"
 }

 @Book{WeinbergQTF,
   author =      "Steven Weinberg",
   title =       "Quantum Theory of Fields",
   publisher =   "Cambridge University Press",
   year =        1995,
   edition = 	 "",
   isbn =        "",
   volume =      1,
 } 

 @Book{Bjorken,
   author =      "James Bjorken and Sydney Drell",
   title =       "Relativistic Quantum Mechanics",
   publisher =   "McGraw-Hill",
   year =        1964,
   address =     "",
   edition =     "",
 }
 
@article{BargmannWigner,
  title={Group theoretical discussion of relativistic wave equations},
  author={Bargmann, Valentine and Wigner, Eugene P},
  journal={Proceedings of the National Academy of Sciences},
  volume={34},
  number={5},
  pages={211--223},
  year={1948},
  publisher={National Acad. Sciences},
}

@article{WignerUnitary,
 author = {Eugene Wigner},
 journal = {Annals of Mathematics},
 number = {1},
 pages = {149-204},
 publisher = {Annals of Mathematics},
 title = {On Unitary Representations of the Inhomogeneous Lorentz Group},
 volume = {40},
 year = {1939}
}

@article{DiracQuantumTheoryElectron,
 author = {P. A. M. Dirac},
 journal = {Proceedings of the Royal Society of London. Series A, Containing Papers of a Mathematical and Physical Character},
 number = {778},
 pages = {610-624},
 publisher = {The Royal Society},
 title = {The Quantum Theory of the Electron},
 volume = {117},
 year = {1928}
}

 @Book{GreinerQM,
   author =      "Walter Greiner",
   title =       "Quantum Mechanics--An Introduction",
   publisher =   "Springer-Verlag",
   year =        1994,
   edition = 	 "3",
   isbn =        "3-540-58079-4"
}

@article{Good,
  title = {Properties of the Dirac Matrices},
  author = {Good, R. H.},
  journal = {Rev. Mod. Phys.},
  volume = {27},
  issue = {2},
  pages = {187--211},
  numpages = {0},
  year = {1955},
  month = {Apr},
  publisher = {American Physical Society}
}  

@article{Proca,
	title={Sur la théorie ondulatoire des électrons positifs et négatifs},
	author={Al. Proca},
	journal={J. Phys. Radium},
	year = 1936,
	volume = 7,
	number = 8,
	pages = "347-353",
}
	
@Book{ZeeQTFNut,
	title={Quantum Field Theory in a Nutshell},
	author={A. Zee},
	publisher={Princeton University Press},
	year={2010},
}

@Book{RobinsonSymmetry,
	author={Matthew Robinson},
	title={Symmetry and the Standard Model},
	subtitle={Mathematics and Particle Physics},
	publisher={Springer-Verlag New York},
	year={2011},
}